<record><leader>00000cas a22000007a 4500</leader><controlfield tag="001">32177482</controlfield><controlfield tag="008">950321d19952014vauwr ne      0    0eng d</controlfield><datafield ind1=" " ind2=" " tag="010"><subfield code="a">sn 98068059 </subfield></datafield><datafield ind1=" " ind2=" " tag="040"><subfield code="a">WIH</subfield><subfield code="b">eng</subfield><subfield code="c">WIH</subfield><subfield code="d">NVK</subfield><subfield code="d">OCL</subfield><subfield code="d">OCLCQ</subfield><subfield code="d">OCLCF</subfield><subfield code="d">NVK</subfield><subfield code="d">OCLCO</subfield><subfield code="d">NVK</subfield></datafield><datafield ind1=" " ind2=" " tag="037"><subfield code="b">214 E. Clay St., Suite 202, Richmond, Va. 23219</subfield></datafield><datafield ind1=" " ind2=" " tag="043"><subfield code="a">n-us-va</subfield></datafield><datafield ind1="0" ind2="4" tag="245"><subfield code="a">The Richmond voice.</subfield></datafield><datafield ind1="1" ind2="7" tag="246"><subfield code="a">Voice</subfield></datafield><datafield ind1=" " ind2=" " tag="260"><subfield code="a">Richmond, Va. :</subfield><subfield code="b">Jack J. Green,</subfield><subfield code="c">1995-2014.</subfield></datafield><datafield ind1=" " ind2=" " tag="300"><subfield code="a">v. :</subfield><subfield code="b">ill. ;</subfield><subfield code="c">35 cm.</subfield></datafield><datafield ind1=" " ind2=" " tag="310"><subfield code="a">Weekly</subfield></datafield><datafield ind1="0" ind2=" " tag="362"><subfield code="a">Vol. 8, no. 34 (375th ed.) (Jan. 11/17, 1995)-v. 28, no. 27 (2185 ed.) (June 25, 2014)</subfield></datafield><datafield ind1=" " ind2=" " tag="500"><subfield code="a">Free distribution paper.</subfield></datafield><datafield ind1=" " ind2=" " tag="500"><subfield code="a">"Serving Richmond, Petersburg and 7 Southside Virginia counties."</subfield></datafield><datafield ind1=" " ind2=" " tag="500"><subfield code="a">The Voice (Richmond, Va. : 2014) continues the numbering of the Richmond Voice.</subfield></datafield><datafield ind1=" " ind2=" " tag="580"><subfield code="a">The Richmond Voice merged with the Hampton Roads Voice to form: The Voice (Richmond, Va. : 2014).</subfield></datafield><datafield ind1=" " ind2="0" tag="650"><subfield code="a">African American newspapers</subfield><subfield code="z">Virginia.</subfield></datafield><datafield ind1=" " ind2="0" tag="650"><subfield code="a">African Americans</subfield><subfield code="z">Virginia</subfield><subfield code="v">Newspapers.</subfield></datafield><datafield ind1=" " ind2="0" tag="651"><subfield code="a">Richmond (Va.)</subfield><subfield code="v">Newspapers.</subfield></datafield><datafield ind1=" " ind2="0" tag="651"><subfield code="a">Petersburg (Va.)</subfield><subfield code="v">Newspapers.</subfield></datafield><datafield ind1=" " ind2="7" tag="650"><subfield code="a">African American newspapers.</subfield><subfield code="2">fast</subfield><subfield code="0">(OCoLC)fst00799278</subfield></datafield><datafield ind1=" " ind2="7" tag="650"><subfield code="a">African Americans.</subfield><subfield code="2">fast</subfield><subfield code="0">(OCoLC)fst00799558</subfield></datafield><datafield ind1=" " ind2="7" tag="651"><subfield code="a">Virginia.</subfield><subfield code="2">fast</subfield><subfield code="0">(OCoLC)fst01204597</subfield></datafield><datafield ind1=" " ind2="7" tag="651"><subfield code="a">Virginia</subfield><subfield code="z">Petersburg.</subfield><subfield code="2">fast</subfield><subfield code="0">(OCoLC)fst01209840</subfield></datafield><datafield ind1=" " ind2="7" tag="651"><subfield code="a">Virginia</subfield><subfield code="z">Richmond.</subfield><subfield code="2">fast</subfield><subfield code="0">(OCoLC)fst01205345</subfield></datafield><datafield ind1=" " ind2="7" tag="655"><subfield code="a">Newspapers.</subfield><subfield code="2">fast</subfield><subfield code="0">(OCoLC)fst01423814</subfield></datafield><datafield ind1=" " ind2=" " tag="752"><subfield code="a">United States</subfield><subfield code="b">Virginia</subfield><subfield code="d">Richmond.</subfield></datafield><datafield ind1="0" ind2="0" tag="780"><subfield code="t">Voice newspaper (Richmond, Va.)</subfield><subfield code="w">(DLC)sn 94060095</subfield><subfield code="w">(OCoLC)31256391</subfield></datafield><datafield ind1="1" ind2="7" tag="785"><subfield code="t">Hampton Roads voice</subfield><subfield code="w">(DLC)sn2004061588</subfield></datafield><datafield ind1="1" ind2="7" tag="785"><subfield code="t">Voice (Richmond, Va. : 2014)</subfield><subfield code="w">(DLC)  2010271355</subfield></datafield></record>